
@book{277-AGUERO2017,
  author            = {Agüero, Ana},
  title             = {Local/nacional. Una historia cultural de Córdoba en contacto con Buenos Aires (1880-1918)},
  date              = {2017},
  hyphenation       = {spanish},
  location          = {Buenos Aires},
  publisher         = {Universidad Nacional de Quilmes},
}

@book{278-AMARAL2018,
  author            = {Amaral, Samuel},
  title             = {El movimiento nacional-popular. Gino Germani y el peronismo},
  date              = {2018},
  hyphenation       = {spanish},
  location          = {Buenos Aires},
  publisher         = {Universidad Nacional de Tres de Febrero},
}

@book{279-ANDERSON2011,
  author            = {Anderson, Perry},
  title             = {Consideraciones sobre el marxismo occidental},
  date              = {2011},
  hyphenation       = {spanish},
  location          = {Buenos Aires},
  publisher         = {Siglo XXI},
}

@incollection{280-BARGHEER2024,
  author            = {Bargheer, Stefan},
  title             = {Collective Memory and Collective Forgetting: Methodological Strategies for Studying Silence},
  titleaddon        = {(online conference, RC08, ISA)},
  booktitle         = {Sources, Data, and Methods for the History of Sociology},
  date              = {2024},
  hyphenation       = {english},
}


@Comment{generado con gbpublisher; databaseType:biblatex; fecha de creación: 09/09/2025 [19:37:55]}